% ------------------------------------------------------------------------
% SAMPLE BIBLIOGRAPHY FILE
% ------------------------------------------------------------------------
% ------------------------------------------------------------------------
@article{swift1977hydrodynamic,
  title={Hydrodynamic fluctuations at the convective instability},
  author={Swift, Ju and Hohenberg, Pierre C},
  journal={Physical Review A},
  volume={15},
  number={1},
  pages={319},
  year={1977},
  publisher={APS}
}
% ------------------------------------------------------------------------
% ------------------------------------------------------------------------
@article{cross1993pattern,
  title={Pattern formation outside of equilibrium},
  author={Cross, Mark C and Hohenberg, Pierre C},
  journal={Reviews of modern physics},
  volume={65},
  number={3},
  pages={851},
  year={1993},
  publisher={APS}
}
% ------------------------------------------------------------------------
% ------------------------------------------------------------------------
@book{trefethen2000spectral,
  title={Spectral methods in MATLAB},
  author={Trefethen, Lloyd N},
  volume={10},
  year={2000},
  publisher={Siam}
}
% ------------------------------------------------------------------------
% ------------------------------------------------------------------------
@article{lloyd2008localized,
  title={Localized hexagon patterns of the planar Swift--Hohenberg equation},
  author={Lloyd, David JB and Sandstede, Bj{\"o}rn and Avitabile, Daniele and Champneys, Alan R},
  journal={SIAM Journal on Applied Dynamical Systems},
  volume={7},
  number={3},
  pages={1049--1100},
  year={2008},
  publisher={SIAM}
}
% ------------------------------------------------------------------------
% ------------------------------------------------------------------------

