% This is jfm2esam.bib v1.0 08/14/02
%
%------------------------------------------------------------------------
@Article{Batchelor59,
  author = 	 {G.K. Batchelor},
  title = 	 {Small-scale variation of convected quantities like temperature in turbulent fluid Part 1. General discussion and the case of small conductivity.},
  journal = 	 {J. Fluid Mech.},
  year = 	 {1971},
  volume = 	 {5},
  pages = 	 {113--133}
}
%------------------------------------------------------------------------
@book{chandrasekhar2013hydrodynamic,
  title ={Hydrodynamic and hydromagnetic stability},
  author={Chandrasekhar, Subrahmanyan},
  year={2013},
  publisher={Courier Corporation}
}
%------------------------------------------------------------------------
@article{lopez_marques_avila_2013, 
 title={The Boussinesq approximation in rapidly rotating flows}, 
 volume={737}, 
 DOI={10.1017/jfm.2013.558},
 journal={Journal of Fluid Mechanics}, 
 publisher={Cambridge University Press}, 
 author={Lopez, Jose M. and Marques, Francisco and Avila, Marc}, 
 year={2013}, 
 pages={56--77}
 }
%------------------------------------------------------------------------



%% End of file `jfm2esam.bib'.
