% ------------------------------------------------------------------------
% SAMPLE BIBLIOGRAPHY FILE
% ------------------------------------------------------------------------
% ------------------------------------------------------------------------
@article{khorrami1991chebyshev,
  title={A Chebyshev spectral collocation method using a staggered grid for the stability of cylindrical flows},
  author={Khorrami, Mehdi R},
  journal={International journal for numerical methods in fluids},
  volume={12},
  number={9},
  pages={825--833},
  year={1991},
  publisher={Wiley Online Library}
}
% ------------------------------------------------------------------------
% ------------------------------------------------------------------------
@article{yavneh2001non,
  title={Non-axisymmetric instability of centrifugally stable stratified Taylor-Couette flow},
  author={Yavneh, Irad and McWilliams, James C and Molemaker, M Jeroen},
  journal={Journal of Fluid Mechanics},
  volume={448},
  pages={1},
  year={2001},
  publisher={Cambridge University Press}
}
% ------------------------------------------------------------------------
@article{robins2020viscous,
  title={Viscous and inviscid strato-rotational instability},
  author={Robins, Luke JM and Kersal{\'e}, Evy and Jones, Chris A},
  journal={Journal of Fluid Mechanics},
  volume={894},
  year={2020},
  publisher={Cambridge University Press}
}
% ------------------------------------------------------------------------
