% ------------------------------------------------------------------------
% SAMPLE BIBLIOGRAPHY FILE
% ------------------------------------------------------------------------
% ------------------------------------------------------------------------
@book{hinch1991perturbation,
  title={Perturbation methods},
  author={Hinch, E John},
  year={1991},
  publisher={Cambridge university press}
}
% ------------------------------------------------------------------------

% ------------------------------------------------------------------------
@book{cvitanovic2003chaos,
  title={{Chaos: Classical and Quantum (chaosbook.org)}},
  author={Cvitanovi{\'c}, P and Artuso, R and Mainieri, R and Tanner, G and Vattay, G},
  year={2003}
}
% ------------------------------------------------------------------------
% ------------------------------------------------------------------------
@book{canuto2006spectral,
  title={Spectral methods},
  author={Canuto, Claudio and Hussaini, M Youssuff and Quarteroni, Alfio and Zang, Thomas A},
  year={2006},
  publisher={Springer}
}
% ------------------------------------------------------------------------
% ------------------------------------------------------------------------
@article{zhang2006compact,
  title={A compact finite difference method on staggered grid for Navier--Stokes flows},
  author={Zhang, Kenn KQ and Shotorban, Babak and Minkowycz, WJ and Mashayek, Farzad},
  journal={International journal for numerical methods in fluids},
  volume={52},
  number={8},
  pages={867--881},
  year={2006},
  publisher={Wiley Online Library}
}
% ------------------------------------------------------------------------
% ------------------------------------------------------------------------
@article{shi2015hybrid,
  title={A hybrid MPI-OpenMP parallel implementation for pseudospectral simulations with application to Taylor--Couette flow},
  author={Shi, Liang and Rampp, Markus and Hof, Bj{\"o}rn and Avila, Marc},
  journal={Computers \& Fluids},
  volume={106},
  pages={1--11},
  year={2015},
  publisher={Elsevier}
}
% ------------------------------------------------------------------------

% ------------------------------------------------------------------------

@article{openpipeflow,
               title={The {O}penpipeflow {N}avier--{S}tokes Solver},
               author={Willis, Ashley P},
               journal={SoftwareX},
               volume={6},
               pages={124--127},
               year={2017},
               DOI = {https://doi.org/10.1016/j.softx.2017.05.003 },
               url = {http://arxiv.org/abs/1705.03838 },
            }       
% ------------------------------------------------------------------------

% ------------------------------------------------------------------------
